<record><leader>00000cas a22000007a 4500</leader><controlfield tag="001">13741813</controlfield><controlfield tag="008">860617d18261830pauwr ne      0    0eng d</controlfield><datafield ind1=" " ind2=" " tag="010"><subfield code="a">sn 87080039 </subfield></datafield><datafield ind1=" " ind2=" " tag="040"><subfield code="a">NPH</subfield><subfield code="b">eng</subfield><subfield code="c">NPH</subfield><subfield code="d">OCLCQ</subfield></datafield><datafield ind1=" " ind2=" " tag="042"><subfield code="a">msc</subfield></datafield><datafield ind1="0" ind2="4" tag="245"><subfield code="a">Der Susquehanna Beobachter, und Luzerne und Columbia Caunty Advertiser.</subfield></datafield><datafield ind1="3" ind2="0" tag="246"><subfield code="a">Luzerne und Columbia Caunty Advertiser</subfield></datafield><datafield ind1=" " ind2=" " tag="260"><subfield code="a">Wilkesbarre, Pa. :</subfield><subfield code="b">Henrich Held</subfield></datafield><datafield ind1=" " ind2=" " tag="300"><subfield code="a">v. ;</subfield><subfield code="c">28 cm.</subfield></datafield><datafield ind1=" " ind2=" " tag="310"><subfield code="a">Weekly</subfield></datafield><datafield ind1="1" ind2=" " tag="362"><subfield code="a">Began in 1826; ceased in 1830.</subfield><subfield code="z">Cf. Rossell, G. Pa. newspapers.</subfield></datafield><datafield ind1=" " ind2=" " tag="588"><subfield code="a">Description based on: 1. Jahrg., Nr. 23 (22. Sept. 1826).</subfield></datafield><datafield ind1=" " ind2=" " tag="752"><subfield code="a">United States</subfield><subfield code="b">Pennsylvania</subfield><subfield code="c">Luzerne</subfield><subfield code="d">Wilkes-Barre.</subfield></datafield></record>